@article{mell2011nist,
  title={The {NIST} definition of cloud computing},
  author={Mell, Peter and Grance, Tim and others},
  year={2011},
  publisher={Computer Security Division, Information Technology Laboratory, National~â€¦}
}

@ARTICLE{6123700, 
author={K. {Ren} and C. {Wang} and Q. {Wang}}, 
journal={IEEE Internet Computing}, 
title={Security Challenges for the Public Cloud}, 
year={2012}, 
volume={16}, 
number={1}, 
pages={69-73}, 
keywords={cloud computing;security of data;security challenges;cloud computing;information technology;trustworthy public cloud environment;Cloud computing;Privacy;Outsourcing;Network security;Cryptography;Search problems;Computer security;cloud computing;security;privacy;trust}, 
doi={10.1109/MIC.2012.14}, 
ISSN={1089-7801}, 
month={Jan},}

@misc{awss3,
  title = {{Amazon Simple Storage Service}},
  howpublished = "\url{https://aws.amazon.com/s3/}",
  year = {2019},
  note = "[Online; accessed 27-June-2019]"
}

@misc{googlecloudstorage,
  title = {{Google Cloud Storage}},
  howpublished = "\url{https://cloud.google.com/storage/}",
  year = {2019},
  note = "[Online; accessed 27-June-2019]"
}

@misc{msazurestorage,
  title = {{Microsoft Azure Cloud Storage}},
  howpublished = "\url{https://azure.microsoft.com/en-us/product-categories/storage/}",
  year = {2019},
  note = "[Online; accessed 27-June-2019]"
}

@misc{storagetrends2018,
  author={C. {Taylor}},
  title = {Survey Reveals Tech Trends Reshaping Data Storage},
  howpublished = "\url{https://www.enterprisestorageforum.com/storage-management/survey-reveals-tech-trends-reshaping-data-storage.html}",
  year = {2018},
  note = "[Online; accessed 27-June-2019]"
}

@inproceedings{maymounkov2002kademlia,
  title={Kademlia: A peer-to-peer information system based on the xor metric},
  author={Maymounkov, Petar and Mazieres, David},
  booktitle={International Workshop on Peer-to-Peer Systems},
  pages={53--65},
  year={2002},
  organization={Springer}
}

@article{vukolic2010byzantine,
  title={The {Byzantine} empire in the intercloud.},
  author={Vukolic, Marko},
  journal={SIGACT News},
  volume={41},
  number={3},
  pages={105--111},
  year={2010}
}

@article{lamport1982byzantine,
  title={The {Byzantine} generals problem},
  author={Lamport, Leslie and Shostak, Robert and Pease, Marshall},
  journal={ACM Transactions on Programming Languages and Systems (TOPLAS)},
  volume={4},
  number={3},
  pages={382--401},
  year={1982},
  publisher={ACM}
}

@INPROCEEDINGS{aizain2012multiclouds, 
author={M. A. {AlZain} and E. {Pardede} and B. {Soh} and J. A. {Thom}}, 
booktitle={2012 45th Hawaii International Conference on System Sciences}, 
title={Cloud Computing Security: From Single to Multi-clouds}, 
year={2012}, 
volume={}, 
number={}, 
pages={5490-5499}, 
keywords={cloud computing;security of data;cloud computing security;multicloud security;cloud storage providers;single cloud providers;service availability failure;malicious insiders;interclouds;cloud-of-clouds;single cloud security;security risk reduction;Cloud computing;Security;Protocols;Clouds;Computational modeling;Availability;Servers;Cloud computing;single cloud;multi-clouds;cloud storage;data integrity;data intrusion;service availability}, 
doi={10.1109/HICSS.2012.153}, 
ISSN={1530-1605}, 
month={Jan},}

@inproceedings{alzain2011mcdb,
  title={{MCDB}: using multi-clouds to ensure security in cloud computing},
  author={AlZain, Mohammed A and Soh, Ben and Pardede, Eric},
  booktitle={2011 IEEE Ninth International Conference on Dependable, Autonomic and Secure Computing},
  pages={784--791},
  year={2011},
  organization={IEEE}
}

@article{bessani2013depsky,
  title={{DepSky}: dependable and secure storage in a cloud-of-clouds},
  author={Bessani, Alysson and Correia, Miguel and Quaresma, Bruno and Andr{\'e}, Fernando and Sousa, Paulo},
  journal={ACM Transactions on Storage (TOS)},
  volume={9},
  number={4},
  pages={12},
  year={2013},
  publisher={ACM}
}

@article{cachin2010dependable,
  title={Dependable storage in the intercloud},
  author={Cachin, Christian and Haas, Robert and Vukolic, Marko},
  journal={IBM research},
  volume={3783},
  pages={1--6},
  year={2010}
}

@inproceedings{abu2010racs,
  title={{RACS}: a case for cloud storage diversity},
  author={Abu-Libdeh, Hussam and Princehouse, Lonnie and Weatherspoon, Hakim},
  booktitle={Proceedings of the 1st ACM symposium on Cloud computing},
  pages={229--240},
  year={2010},
  organization={ACM}
}

@inproceedings{bowers2009hail,
  title={{HAIL}: A high-availability and integrity layer for cloud storage},
  author={Bowers, Kevin D and Juels, Ari and Oprea, Alina},
  booktitle={Proceedings of the 16th ACM conference on Computer and communications security},
  pages={187--198},
  year={2009},
  organization={ACM}
}

@inproceedings{li2015cdstore,
  title={{CDStore}: Toward reliable, secure, and cost-efficient cloud storage via convergent dispersal},
  author={Li, Mingqiang and Qin, Chuan and Lee, Patrick PC},
  booktitle={2015 $\{$USENIX$\}$ Annual Technical Conference ($\{$USENIX$\}$$\{$ATC$\}$ 15)},
  pages={111--124},
  year={2015}
}

@inproceedings{hu2012nccloud,
  title={{NCCloud}: applying network coding for the storage repair in a cloud-of-clouds.},
  author={Hu, Yuchong and Chen, Henry CH and Lee, Patrick PC and Tang, Yang},
  booktitle={FAST},
  pages={21},
  year={2012}
}

@inproceedings{dobre2014hybris,
  title={Hybris: Robust hybrid cloud storage},
  author={Dobre, Dan and Viotti, Paolo and Vukoli{\'c}, Marko},
  booktitle={Proceedings of the ACM Symposium on Cloud Computing},
  pages={1--14},
  year={2014},
  organization={ACM}
}

@misc{napster,
  title = {{Napster}},
  howpublished = "\url{https://us.napster.com}",
  year = {2019},
  note = "[Online; accessed 02-July-2019]"
}

@misc{bittorrent,
  title = {{BitTorrent}},
  howpublished = "\url{https://www.bittorrent.com/bittorrent-free}",
  year = {2019},
  note = "[Online; accessed 02-July-2019]"
}

@misc{emule,
  title = {{eMule}},
  howpublished = "\url{https://www.emule-project.net/home/perl/general.cgi?l=1}",
  year = {2019},
  note = "[Online; accessed 02-July-2019]"
}

@misc{amule,
  title = {{aMule}},
  howpublished = "\url{http://www.amule.org}",
  year = {2019},
  note = "[Online; accessed 02-July-2019]"
}

@misc{ethereum,
  title = {{Ethereum}},
  howpublished = "\url{https://www.ethereum.org}",
  year = {2019},
  note = "[Online; accessed 02-July-2019]"
}

@misc{ipfs,
  title = {{IPFS}},
  howpublished = "\url{https://ipfs.io}",
  year = {2019},
  note = "[Online; accessed 02-July-2019]"
}

@misc{storij,
  title = {{Storij}},
  howpublished = "\url{https://storj.io}",
  year = {2019},
  note = "[Online; accessed 02-July-2019]"
}

@article{stoica2001chord,
  title={Chord: A scalable peer-to-peer lookup service for internet applications},
  author={Stoica, Ion and Morris, Robert and Karger, David and Kaashoek, M Frans and Balakrishnan, Hari},
  journal={ACM SIGCOMM Computer Communication Review},
  volume={31},
  number={4},
  pages={149--160},
  year={2001},
  publisher={ACM}
}

@inproceedings{rowstron2001pastry,
  title={Pastry: Scalable, decentralized object location, and routing for large-scale peer-to-peer systems},
  author={Rowstron, Antony and Druschel, Peter},
  booktitle={IFIP/ACM International Conference on Distributed Systems Platforms and Open Distributed Processing},
  pages={329--350},
  year={2001},
  organization={Springer}
}

@article{zhao2004tapestry,
  title={Tapestry: A resilient global-scale overlay for service deployment},
  author={Zhao, Ben Y and Huang, Ling and Stribling, Jeremy and Rhea, Sean C and Joseph, Anthony D and Kubiatowicz, John D},
  journal={IEEE Journal on selected areas in communications},
  volume={22},
  number={1},
  pages={41--53},
  year={2004},
  publisher={IEEE}
}

@inproceedings{cai2013probabilistic,
  title={A probabilistic analysis of {Kademlia} networks},
  author={Cai, Xing Shi and Devroye, Luc},
  booktitle={International Symposium on Algorithms and Computation},
  pages={711--721},
  year={2013},
  organization={Springer}
}

@article{rabin1989efficient,
  title={Efficient dispersal of information for security, load balancing, and fault tolerance},
  author={Rabin, Michael O},
  journal={Journal of the ACM (JACM)},
  volume={36},
  number={2},
  pages={335--348},
  year={1989},
  publisher={ACM}
}

@misc{rfc4158,
  title = {{RFC} 4158},
  howpublished = "\url{https://tools.ietf.org/html/rfc4158}",
  year = {2019},
  note = "[Online; accessed 02-July-2019]"
}

@misc{datacore2017survey,
  title = { The State of Software-Defined Storage, Hyperconverged and Cloud Storage},
  howpublished = "\url{https://s3.amazonaws.com/ydtimages/~yourdai7/wp-content/uploads/2017/08/18133654/SDS_2016_Report_FINAL.pdf}",
  year = {2017},
  note = "[Online; accessed 27-June-2019]"
}

@article{shamir1979share,
  title={How to share a secret},
  author={Shamir, Adi},
  journal={Communications of the ACM},
  volume={22},
  number={11},
  pages={612--613},
  year={1979},
  publisher={ACm}
}

@misc{zookeeper,
  title = {Apache {ZooKeeper}},
  howpublished = "\url{https://zookeeper.apache.org}",
  year = {2019},
  note = "[Online; accessed 10-July-2019]"
}